@misc{suckless,
author = {suckless.org},
title = {software that sucks less | suckless.org software that sucks less},
howpublished = {\url{https://suckless.org/philosophy/}},
year = {2021},
note = {(Accessed on 09/16/2021)}
}
@book{salus1994,
  title={A Quarter Century of UNIX},
  author={Salus, P.H.},
  isbn={9780201547771},
  series={Addison-Wesley UNIX and Open Systems Series},
  year={1994},
  publisher={Addison-Wesley Publishing Company},
  pages={66}
}
@book{dalzell2009,
  title={The Routledge Dictionary of Modern American Slang and Unconventional English},
  author={Dalzell, T. and Partridge, E.},
  isbn={9780415371827},
  year={2009},
  publisher={Routledge},
  pages={595}
}
@misc{GPLv3,
author = {Stallman, Richard},
title = {The GNU General Public License v3.0 - GNU Project - Free Software Foundation},
howpublished = {\url{https://www.gnu.org/licenses/gpl-3.0.en.html}},
month = {June},
year = {2007},
note = {(Accessed on 09/17/2021)}
}
